@book{sedra-smith:microelectronic-circuits,
    title       = {Microelectronic Circuits},
    author      = {A. S. Sedra and K. C. Smith},
    publisher   = {Oxford University Press},
    year        = 2015,
    edition     = "{7th}"
}

@book{medeiros:ICEE,
    title       = {Introdução aos Circuitos Eléctricos e Electrónicos},
    author      = {M. Medeiros Silva},
    publisher   = {Fundação Calouste Gulbenkian},
    year        = 2014,
    edition     = "{6th}"
}

@book{medeiros:CTBM,
    title       = {Circuitos com Transistores Bipolares e MOS},
    author      = {M. Medeiros Silva},
    publisher   = {Fundação Calouste Gulbenkian},
    year        = 2016,
    edition     = "{6th}"
}